@misc{kinect_microsoft, title={Kinect for Windows}, url={https://developer.microsoft.com/en-us/windows/kinect}, journal={Kinect - Windows app development}, publisher={Microsoft}} 

@misc{andersen_jensen_lisouski_2012, title={KINECT DEPTH SENSOR EVALUATION FOR COMPUTER VISION APPLICATIONS}, url={https://pdfs.semanticscholar.org/0338/87697677f41b3c2cc72872ed1a09cc49d649.pdf}, journal={pdfs.semanticscholar.org}, publisher={Aarhus University}, author={Andersen, M. R. and Jensen, T. and Lisouski, P.}, year={2012}}

@misc{kinect_api_overview, title={Kinect API Overview}, url={https://msdn.microsoft.com/en-us/library/dn782033.aspx}, journal={Kinect API Overview}, publisher={Microsoft}}

      
@misc{realsense_intel, title={Intel® RealSense™ Camera SR300}, url={https://software.intel.com/en-us/realsense/sr300}, journal={Intel® Software}, publisher={Intel}} 


@misc{kinect_microsoft, title={Kinect for Windows}, url={https://developer.microsoft.com/en-us/windows/kinect}, journal={Kinect - Windows app development}, publisher={Microsoft}} 


@misc{best_projectors, title={10 of the best projectors you can buy}, url={http://www.telegraph.co.uk/technology/0/10-best-projectors-can-buy/}, journal={The Telegraph}, publisher={Telegraph Media Group}, author={Reporters, Telegraph}, year={2017}, month={Oct}}

@misc{scales_galore, title={Pocket Scales}, url={http://www.scalesgalore.com/ppocket.htm}, journal={Miniature Electronic Digital Pocket Scales}, publisher={Scales Galore}}

@electronic{amazon, title={Amazon.com}, url={https://www.amazon.com/}, journal={Amazon.com: Online Shopping for Electronics, Apparel, Computers, Books, DVDs & more}}

@book{shapiro_stockman_2001, place={Upper Saddle River, NJ}, title={Computer vision}, publisher={Prentice Hall}, author={Shapiro, Linda G. and Stockman, George C.}, year={2001}}


@misc{miller_2017, title={Asus' new Xtion 2 depth-sensing camera isn't a huge upgrade}, url={https://www.theverge.com/circuitbreaker/2017/4/26/15435952/asus-xtion-2-depth-sensing-3d-camera-price-availability}, journal={The Verge}, publisher={The Verge}, author={Miller, Paul}, year={2017}, month={Apr}}

@misc{foundation_2013, 
	title={FBX binary file format specification}, 
    url={https://code.blender.org/2013/08/fbx-binary-file-format-specification/}, 
    journal={Blender Developers Blog}, 
    publisher={Blender Foundation}, 
    author={Ton Roosendaal}, 
    year={2013}, 
    month={Aug}
}

@misc{reddy, 
	title={Object Files (.obj)}, 
    url={http://www.martinreddy.net/gfx/3d/OBJ.spec}, 
    journal={MartinReddy.net}, 
    author={Reddy, Martin}
}

@misc{unreal, 
	title={Game Engine Technology by Unreal}, 
    url={https://www.unrealengine.com/en-US/features},
    howpublished={\url{https://www.unrealengine.com/en-US/features}},
    journal={Game Engine Technology by Unreal}, 
    publisher={Unreal Technologies}
}

@misc{unity, 
	title={Unity 2017: The world-leading creation engine for gaming}, 
	url={https://unity3d.com/unity}, 
    howpublished={\url{https://unity3d.com/unity}}, 
    journal={Unity}, 
    publisher={Unity Technologies}
}

@BOOK {tech:1,
    author    = "Robert Gabler, James Petersen, L. Trapasso",
    title     = "Essentials of Physical Geography",
    publisher = "Brooks Cole",
    year      = "2006",
    edition   = "eighth"
}
@BOOK {tech:2,
    author    = "George A. Kaufman",
    title     = "Topographic maps: Tools for planning",
    publisher = "U.S. Government Printing Office",
    year      = "1980"
}
@BOOK {tech:3,
	author    = "NDDOT",
    title     = "Earthwork and Mass Diagrams",
    publisher = "NDDOT",
    year      = "2011"
}
@BOOK {tech:4,
    author    = "Johnny Lee",
    title     = "Low-Cost Multi-touch Whiteboard using the Wiimote",
	publisher = "Johnny Lee",
    year      = "2007"
}
@BOOK {tech:5,
    author    = "Johnny Lee",
    title     = "Tracking fingers with the Wii Remote",
	publisher = "Johnny Lee",
    year      = "2007"
}
