@misc{kinect_microsoft, title={Kinect for Windows}, url={https://developer.microsoft.com/en-us/windows/kinect}, journal={Kinect - Windows app development}, publisher={Microsoft}} 

@misc{andersen_jensen_lisouski_2012, title={KINECT DEPTH SENSOR EVALUATION FOR COMPUTER VISION APPLICATIONS}, url={https://pdfs.semanticscholar.org/0338/87697677f41b3c2cc72872ed1a09cc49d649.pdf}, journal={pdfs.semanticscholar.org}, publisher={Aarhus University}, author={Andersen, M. R. and Jensen, T. and Lisouski, P.}, year={2012}}

@misc{kinect_api_overview, title={Kinect API Overview}, url={https://msdn.microsoft.com/en-us/library/dn782033.aspx}, journal={Kinect API Overview}, publisher={Microsoft}}
