@electronic{SUMO,
 author   = "German Aerospace Center, Institute of Transportation Systems",
 title     = "Simulation of Urban MObility",
 url       = "http://sumo.dlr.de/wiki/Simulation_of_Urban_MObility_-_Wiki",
 note   = "Accessed: 2018-11-04"
}

@misc{UCDSandbox,
year = {2017},
title = {Augmented Reality Sandbox},
howpublished = {https://arsandbox.ucdavis.edu/},
author = {University California Davis}}

@misc{OrgOSUSandbox,
year = {2017},
title = {CS Capstone Design Document},
howpublished = {https://github.com/soltesza/AR-Sandbox-for-Construction-Planning},
author = {Raja Petroff and Andrew Soltesz and Mark Sprouse}}

@misc{andrew-stebel,
    year = {2018},
    title = {Unity-SUMO},
    howpublished = {https://github.com/Andrew-Stebel/Unity-SUMO/tree/master/SUMOSim/Library},
    author = {Andrew Stebel}
}

@misc{Unity-Game-Engine,
    year = {2019},
    title = {Unity Game Engine},
    howpublished = {https://unity.com/},
    author = {Unity Technologies}
}

@misc{Vuforia-Augmented-Reality,
    year = {2019},
    title = {Vuforia},
    howpublished = {https://www.vuforia.com/},
    author = {PTC}
}

@misc{Microsoft-Kinect-V2,
    year = {2019},
    title = {Kinect V2},
    howpublished = {https://developer.microsoft.com/en-us/windows/kinect},
    author = {Microsoft}
}

@misc{Logitech,
    year = {2019},
    title = {Logitech Webcams},
    howpublished = {https://www.logitech.com/en-us},
    author = {Logitech}
}

@misc{Optoma,
    year = {2019},
    title = {Optoma Projectors},
    howpublished = {https://www.optoma.com/us/},
    author = {Optoma USA}
}