@electronic{SUMO,
 author   = "German Aerospace Center, Institute of Transportation Systems",
 title     = "Simulation of Urban MObility",
 url       = "http://sumo.dlr.de/wiki/Simulation_of_Urban_MObility_-_Wiki",
 note   = "Accessed: 2018-11-04"
}

@misc{UCDSandbox,
year = {2017},
title = {Augmented Reality Sandbox},
howpublished = {https://arsandbox.ucdavis.edu/},
author = {University California Davis}}

@misc{OrgOSUSandbox,
year = {2017},
title = {CS Capstone Design Document},
howpublished = {https://github.com/soltesza/AR-Sandbox-for-Construction-Planning},
author = {Raja Petroff and Andrew Soltesz and Mark Sprouse}}